@article{Guthrie:2013,
  author =       {Guthrie, Martin and Leblois, Arthur and Garenne, André and
                  Boraud, Thomas},
  title =        {Interaction between cognitive and motor cortico-basal ganglia
                  loops during decision making: a computational study},
  journal =      {Journal of Neurophysiology},
  publisher =    {American Physiological Society},
  year =         2013,
  month =        6,
  volume =       109,
  number =       12,
  pages =        {3025--3040},
  doi =          {10.1152/jn.00026.2013}
}

@article{Nordlie:2009,
  doi =          {10.1371/journal.pcbi.1000456},
  year =         2009,
  month =        8,
  publisher =    {Public Library of Science ({PLoS})},
  volume =       5,
  number =       8,
  pages =        {e1000456},
  author =       {Eilen Nordlie and Marc-Oliver Gewaltig and Hans Ekkehard
                  Plesser},
  editor =       {Karl J. Friston},
  title =        {Towards Reproducible Descriptions of Neuronal Network Models},
  journal =      {{PLoS} Computational Biology}
}

@article{Rougier:2017,
  doi =          {10.7717/peerj-cs.142},
  author =       {Nicolas P. Rougier and Konrad Hinsen and Frédéric Alexandre
                  and Thomas Arildsen and Lorena Barba and Fabien
                  C. Y. Benureau and C. Titus Brown and Pierre de Buyl and Ozan
                  Caglayan and Andrew P. Davison and Marc André Delsuc and
                  Georgios Detorakis and Alexandra K. Diem and Damien Drix and
                  Pierre Enel and Benoît Girard and Olivia Guest and Matt
                  G. Hall and Rafael Neto Henriques and Xavier Hinaut and Kamil
                  S Jaron and Mehdi Khamassi and Almar Klein and Tiina Manninen
                  and Pietro Marchesi and Dan McGlinn and Christoph Metzner and
                  Owen L. Petchey and Hans Ekkehard Plesser and Timothée Poisot
                  and Karthik Ram and Yoav Ram and Etienne Roesch and Cyrille
                  Rossant and Vahid Rostami and Aaron Shifman and Joseph
                  Stachelek and Marcel Stimberg and Frank Stollmeier and
                  Federico Vaggi and Guillaume Viejo and Julien Vitay and Anya
                  Vostinar and Roman Yurchak and Tiziano Zito},
  title =        {{Sustainable computational science: the ReScience
                  initiative}},
  journal =      {{PeerJ} Computer Science},
  month =        12,
  volume =       3,
  pages =        {e142},
  year =         2017,
  github =       {https://github.com/ReScience/ReScience-article-2},
  keywords =     {journal},
  tags =         {OS},
}
