@Article{topalidou:2015,
  author =       { Meropi Topalidou and Arthur Leblois and Thomas Boraud and
                  Nicolas P. Rougier },
  title =        { \href{http://journal.frontiersin.org/article/10.3389/fncom.2015.00028/full}{A Long Journey into Reproducible Computational Neuroscience} },
  journal =      { Frontiers in Computational Neuroscience },
  year =         { 2015 },
  volume =       { 9 },
  number =       { 28 },
}
